
@article{pdr-wifi,
  title     = "{Wi-Fi および端末センサ情報を用いた 3 次元屋内位置測位手法の検討}",
  author    = {田巻櫻子 and 田中敏幸},
  journal   = {国際 ICT 利用研究学会論文誌},
  volume    = {2},
  number    = {1},
  pages     = {24--30},
  year      = {2018},
  publisher = {一般社団法人 国際 ICT 利用研究機構}
}

@inproceedings{ble-indoor,
  title        = "{Bluetooth を用いた屋内位置推定手法の提案}",
  author       = {酒井瑞樹 and 森田裕之},
  booktitle    = {経営情報学会 全国研究発表大会要旨集 2016 年秋季全国研究発表大会},
  pages        = {53--56},
  year         = {2016},
  organization = {一般社団法人 経営情報学会}
}

@article{wifi-gmm,
  title   = "{GMM を用いた WiFi 位置推定手法の実用化に向けた課題解決}",
  author  = {浅見宗広 and 福井隆司 and 葛城友香 and 大杉苑子 },
  journal = {研究報告高度交通システム (ITS)},
  volume  = {2013},
  number  = {2},
  pages   = {1--8},
  year    = {2013}
}


@article{pdr-ble,
  title   = "{BLE 測位および PDR を用いたハイブリッド型屋内測位手法の提案}",
  author  = {工藤大希 and 堀川三好 and 古舘達也 and 岡本東 },
  journal = {第 79 回全国大会講演論文集},
  volume  = {2017},
  number  = {1},
  pages   = {325--326},
  year    = {2017}
}

@article{pdr-map,
  title   = "{マップマッチングを用いた PDR 軌跡補正}",
  author  = {吉見駿 and 村尾和哉 and 望月祐洋 and 西尾信彦 },
  journal = {研究報告ユビキタスコンピューティングシステム (UBI)},
  volume  = {2014},
  number  = {20},
  pages   = {1--8},
  year    = {2014}
}

@article{pdr-mag,
  title   = "{歩行時の磁気センシングデータを利用した屋内位置推定手法}",
  author  = {村田雄哉 and 梶克彦 and 廣井慧 and 河口信夫 and 神山剛 and 太田賢 and 稲村浩 },
  journal = {情報処理学会論文誌},
  volume  = {58},
  number  = {1},
  pages   = {57--67},
  year    = {2017}
}


@article{stride-length-auto-learning,
  title   = "{デッドレコニング開始前のセンサデータを自動学習に用いた屋内歩幅推定手法の検討}",
  author  = {三宅孝幸 新井 イスマイル},
  journal = {第 74 回全国大会講演論文集},
  volume  = {2012},
  number  = {1},
  pages   = {443--444},
  year    = {2012}
}

@article{stride-length-multi,
  title   = {携帯端末のセンサ値を用いた多変量解析による歩幅推定},
  author  = {根岸拓郎 and 藤田悟 },
  journal = {第 77 回全国大会講演論文集},
  volume  = {2015},
  number  = {1},
  pages   = {299--300},
  year    = {2015}
}


@article{stride-length-ultrasonic,
  title   = {デッドレコニングの高精度化に向けた超音波による歩幅推定法},
  author  = {柏本幸俊 and 荒川豊 and 安本慶一 },
  journal = {研究報告モバイルコンピューティングとユビキタス通信 (MBL)},
  volume  = {2015},
  number  = {56},
  pages   = {1--6},
  year    = {2015}
}


@article{wireless-lan-summary,
  title   = {無線 LAN を用いた広域位置情報システム構築に関する検討},
  author  = {伊藤誠悟 and 吉田廣志 and 河口信夫 },
  journal = {情報処理学会論文誌},
  volume  = {47},
  number  = {12},
  pages   = {3124--3136},
  year    = {2006}
}

@article{proximity-fingerprint,
  title     = {アクセスポイントの選択を考慮したベイズ推定による無線 LAN ハイブリット位置推定手法とその応用},
  author    = {伊藤誠悟 and 河口信夫},
  journal   = {電気学会論文誌 C (電子・情報・システム部門誌)},
  volume    = {126},
  number    = {10},
  pages     = {1212--1220},
  year      = {2006},
  publisher = {一般社団法人 電気学会}
}


@article{gaussian-mixture-model,
  title   = "{Gaussian Mixture Model を用いた無線 LAN 位置推定手法}",
  author  = {藤田迪 and 梶克彦 and 河口信夫},
  journal = {情報処理学会論文誌},
  volume  = {52},
  number  = {3},
  pages   = {1069--1081},
  year    = {2011}
}

@article{wireless-lan-cost-reduction,
  title   = "{無線 LAN を用いた屋内位置推定における学習コスト削減のための高精度データ補間手法}",
  author  = {久保田僚介 and 田頭茂明 and 荒川豊 and 北須賀輝明 and 福田晃},
  journal = {情報処理学会論文誌},
  volume  = {54},
  number  = {4},
  pages   = {1609--1618},
  year    = {2013}
}

@article{fingerprint-auto-update,
  title   = "{位置フィンガープリントの自動更新を用いた電波環境変化に頑健な屋内位置推定手法}",
  author  = {谷内大祐 and 前川卓也 },
  journal = {情報処理学会論文誌},
  volume  = {55},
  number  = {1},
  pages   = {280--288},
  year    = {2014}
}

@article{ble-tandem,
  title   = "{配布型 BLE タグとタンデムスキャナを用いた屋内位置推定手法}",
  author  = {浦野健太 and 廣井慧 and 梶克彦 and 河口信夫 },
  journal = {情報処理学会論文誌},
  volume  = {60},
  number  = {1},
  pages   = {58--75},
  year    = {2019}
}


@inproceedings{triangulation-kalman,
  author    = {Kausar, Hena and Chattaraj, Suvendu},
  booktitle = {2022 International Conference for Advancement in Technology (ICONAT)},
  title     = {A Novel Kalman Filter Based Trilateration Approach for Indoor Localization Problem},
  year      = {2022},
  volume    = {},
  number    = {},
  pages     = {1-5},
  keywords  = {Location awareness;Satellites;Current measurement;Simulation;Receivers;Wireless access points;Pollution measurement;indoor positioning;Kalman filter;trilateration algorithm;computational complexity;data fusion},
  doi       = {10.1109/ICONAT53423.2022.9725834}
}


@inproceedings{wi-fi-fingerprint-domain,
  author    = {Y. Tian and J. Wang and Z. Zhao},
  booktitle = {2021 IEEE 27th International Conference on Parallel and Distributed Systems (ICPADS)},
  title     = {Wi-Fi Fingerprint Update for Indoor Localization via Domain Adaptation},
  year      = {2021},
  volume    = {},
  issn      = {},
  pages     = {835-842},
  abstract  = {Wi-Fi signals vary over time due to multipath fading and dynamic indoor environment. Hence in the long-run deployment of Wi-Fi fingerprinting localization, to retain high accuracy the fingerprint database has to be updated regularly, which is usually labor-intensive and time-consuming. In this paper, we propose a novel unsupervised domain adaptation model TransLoc for Wi-Fi fingerprint update, to keep high accuracy yet at a low cost. TransLoc consists of a feature extractor, a generator, a discriminator, and a location predictor. The feature extractor learns domain-invariant features by cooperating with other components. To further guarantee localization accuracy, the location predictor is designed as a semi-supervised regressor with three parallel sub-modules. We carry out extensive experiments in two typical real-world indoor environments with a total area of over 8,200 $m^{2}$ across three months. Experimental results show that with only an initial fingerprint database and current unlabeled fingerprints, TransLoc maintains high localization accuracy at a low cost in the long run.},
  keywords  = {location awareness;fading channels;adaptation models;costs;inertial sensors;fingerprint recognition;feature extraction},
  doi       = {10.1109/ICPADS53394.2021.00110},
  url       = {https://doi.ieeecomputersociety.org/10.1109/ICPADS53394.2021.00110},
  publisher = {IEEE Computer Society},
  address   = {Los Alamitos, CA, USA},
  month     = {dec}
}

@article{infrared,
  title   = "{赤外線グリッドセンサを用いた室内位置・行動推定の粒度及び精度の検討}",
  author  = {岡田 遼太郎 and 矢入 郁子},
  journal = {人工知能学会全国大会論文集},
  volume  = {JSAI2014},
  number  = { },
  pages   = {2J14-2J14},
  year    = {2014},
  doi     = {10.11517/pjsai.JSAI2014.0_2J14}
}

@article{camera,
  title   = "{街中での歩行者カメラによるオンライン位置推定のための検討}",
  author  = {亀田能成 and 大田友一},
  journal = {画像の認識・理解シンポジウム MIRU},
  pages   = {364--369},
  year    = {2010}
}

@misc{burasapo,
  author       = {国際航業},
  howpublished = {{\url{https://www.kkc.co.jp/service/blog/indoor\-outdoor\-positioning/achievement/article/9725/}}},
  title        = {ぶらサポ＠二子玉川ライズ | 国際航業株式会社},
  year         = {2025年1月5日}
}


@misc{xdr,
  author       = "{PDRベンチマーク標準化委員会}",
  howpublished = {{\url{https://unit.aist.go.jp/harc/xDR-Challenge-2023/index.html}}},
  title        = {xDR Challenge2023~PDR and BLE with LiDAR based GT~},
  year         = {2025年1月5日}
}


@misc{indoor-atlas,
  author       = "{IndoorAtlas}",
  howpublished = {{\url{https://www.indooratlas.com/}}},
  title        = {Unlock Smart Spaces with IndoorAtlas | Indoor Location-Based Solutions},
  year         = {2025年1月5日}
}



@misc{openshoe,
  author       = "{OpenShoe}",
  howpublished = {{\url{https://www.openshoe.org/}}},
  title        = {OpenShoe},
  year         = {2025年1月5日}
}


@misc{pdr-plus,
  author       = "{サイトセンシング株式会社}",
  howpublished = {{\url{https://site-sensing.com/products/pdr/library.html}}},
  title        = {PDRplusのご紹介　/　【 PDRplus 】},
  year         = {2025年1月5日}
}

@misc{beacon-aplix,
  author       = {株式アプリックス - Aplix},
  howpublished = {{\url{https://unit.aist.go.jp/harc/xDR-Challenge-2023/index.html}}},
  title        = {Beacon（ビーコン）｜MyBeacon（マイビーコン）｜株式会社アプリックス - Aplix},
  year         = {2025年5月9日}
}


@ARTICLE{pdr-rss-fusion,
  author={Shi, Ling-Feng and Wang, Yue and Liu, Gong-xu and Chen, Sen and Zhao, Yu-Le and Shi, Yi-Fan},
  journal={IEEE Sensors Journal}, 
  title={A Fusion Algorithm of Indoor Positioning Based on PDR and RSS Fingerprint}, 
  year={2018},
  volume={18},
  number={23},
  pages={9691-9698},
  keywords={Fingerprint recognition;Sensors;Wireless communication;Classification algorithms;Databases;Wireless sensor networks;Clustering algorithms;PDR;RSS fingerprint;fusion;map matching;adaptive parameters},
  doi={10.1109/JSEN.2018.2873052}}
